<record xmlns="http://www.loc.gov/MARC21/slim" xmlns:xsi="http://www.w3.org/2001/XMLSchema-instance" xsi:schemaLocation="http://www.loc.gov/MARC21/slim http://www.loc.gov/standards/marcxml/schema/MARC21slim.xsd"><leader>01016nam a2200253   4500</leader><controlfield tag="001">002823548</controlfield><controlfield tag="003">NNU</controlfield><controlfield tag="006">m        d        </controlfield><controlfield tag="007">cr cn |||m|||a</controlfield><controlfield tag="008">140707s1951    ua      o     000 0 arar</controlfield><datafield ind1=" " ind2=" " tag="040"><subfield code="a">NNU</subfield><subfield code="b">eng</subfield><subfield code="c">NNU</subfield></datafield><datafield ind1=" " ind2="0" tag="050"><subfield code="a">PJ7810.H48</subfield><subfield code="b">I5</subfield></datafield><datafield ind1="1" ind2=" " tag="100"><subfield code="a">Am&#299;n, A&#7717;mad,</subfield><subfield code="d">1886-1954.</subfield></datafield><datafield ind1="1" ind2="0" tag="245"><subfield code="a">Il&#225; walad&#299;</subfield><subfield code="h">[electronic resource],</subfield><subfield code="c">ta&#700;l&#299;f A&#7717;mad Am&#299;n.</subfield></datafield><datafield ind1=" " ind2=" " tag="250"><subfield code="a">al-&#7788;ab&#699;ah al-ul&#225;.</subfield></datafield><datafield ind1=" " ind2=" " tag="260"><subfield code="a">[al-Q&#257;hirah]</subfield><subfield code="b">Maktabat al-&#256;d&#257;b</subfield><subfield code="c">[1951]</subfield></datafield><datafield ind1=" " ind2=" " tag="300"><subfield code="a">online resource (5, 152 p.)</subfield></datafield><datafield ind1=" " ind2=" " tag="500"><subfield code="a">Part of the Arabic Collections Online (ACO) project, contributed by New York Univeristy Libraries.</subfield></datafield><datafield ind1=" " ind2=" " tag="533"><subfield code="a">Electronic reproduction.</subfield><subfield code="b">New York, N.Y. :</subfield><subfield code="c">New York University,</subfield><subfield code="d">2014.</subfield><subfield code="5">NNU</subfield></datafield><datafield ind1="2" ind2=" " tag="710"><subfield code="a">New York University.</subfield><subfield code="b">Libraries.</subfield></datafield><datafield ind1="0" ind2=" " tag="730"><subfield code="a">Arabic Collections Online.</subfield></datafield><datafield ind1="0" ind2="8" tag="776"><subfield code="i">Print version:</subfield><subfield code="a">Am&#299;n, A&#7717;mad, 1886-1954.</subfield><subfield code="t">Il&#225; walad&#299;</subfield><subfield code="w">(NNU)002823548</subfield><subfield code="w">(DLC)ne 64002104</subfield></datafield><datafield ind1="4" ind2="0" tag="856"><subfield code="u">http://hdl.handle.net/2333.1/kwh70ttn</subfield></datafield><datafield ind1=" " ind2=" " tag="959"><subfield code="a">NNU</subfield><subfield code="b">WEB</subfield><subfield code="c">GENI</subfield><subfield code="t">0</subfield><subfield code="m">Electronic access</subfield><subfield code="s">01</subfield></datafield></record>